@article{a1,
  title={The wave mechanics of an atom with a non-Coulomb central field. Part I. Theory and methods},
  author={Hartree, Douglas R},
  journal={optik},
  year={1928}
}


